@book{chua2010,
  title={Rapid prototyping: principles and applications},
  author={Chua, Chee Kai and Leong, Kah Fai and Lim, Chu Sing},
  year={2010},
  publisher={World Scientific}
}

@misc{efunda,
  title = {Rapid Prototyping: An Overview},
  howpublished = {\url{efunda.com/processes/rapid_prototyping/intro.cfm}}
}

@misc{wikiRapid,
  title = {Rapid prototyping / Wikipedia},
  howpublished = {\url{http://en.wikipedia.org/wiki/Rapid_prototyping}}
}

@misc{slic3r,
  title = {Slic3r - G-code generator for 3D printers},
  howpublished = {\url{http://slic3r.org/}}
}

@misc{wiki3D,
  title = {3D Printing / Wikipedia},
  howpublished = {\url{http://en.wikipedia.org/wiki/3D_Printing}}
}

@misc{labitatMAX,
  title = {Labitat wiki / MAXbot},
  howpublished = {\url{https://labitat.dk/wiki/MAXbot}}
}